%% Arquivo contendo todas referências bibliográficas
%% This BibTeX bibliography file was created using BibDesk.
%% http://bibdesk.sourceforge.net/

%    acentos bibtex
%  à á ã  |  {\‘a} {\’a} {\~a}
%    í    |     {\’\i}
%    ç    |     {\c c}

@article{rs-bbc,
	Author = {C.K.P. Clarke},
	Title = {Reed-Solomon Error Correction},
	Journal = {BBC Research and Development},
	Url = {http://downloads.bbc.co.uk/rd/pubs/whp/whp-pdf-files/WHP031.pdf},
	Urlaccessdate = {20 jul 2016},
	Year = {2002}
}

@article{reed-solomon-original,
	Author = {I. Reed\; G. Solomon},
	Title = {Polymonial Codes Over Certain Finite Fields},
	Journal = {SIAM Journal of Applied Math},
	Volume = {8},
	Year = {1960},
	Month = {Junho}
}

@article{reed-solomon-berle,
	Author = {I. Reed\; M. Shih},
	Title = {VLSI design of inverse-free Berlekamp-Massey},
	Journal = {IEEE Computer and Digital Techniques},
	Volume = {138},
	Number = {5},
	Year = {1992},
	Month = {Setembro}
}

@article{what-is-lifi,
	Author = {Harald Haas},
	Title = {What is LiFi},
	Publisher = {IEEE},
	Url = {http://ieeexplore.ieee.org/stamp/stamp.jsp?tp=&arnumber=7360112},
	Urlaccessdate = {22 abr 2016},
	Year = {2016},
	Journal = {Journal of Lightwave Technology},
	Volume = {34},
	Issue = {6}
}

@misc{vision,
	Address = {London, England},
	Author = {Pierre A. Buser, Michel Imbert},
	Edition = {1},
	Publisher = {MIT Press},
	Title = {Vision},
	Url = {https://books.google.com/books?id=NSZvt8Ld2-8C&pg=PA50},
	Urlaccessdate = {6 mar 2016},
	Year = {1992}
}

@article{cisco-forecast,
	Author = {Cisco}, 
	Title = {Cisco Visual Networking Index: Global Mobile Data Traffic Forecast Update},
	Url = {http://www.cisco.com/c/en/us/solutions/collateral/service-provider/visual-networking-index-vni/mobile-white-paper-c11-520862.pdf},
	Urlaccessdate = {6 mar 2016},
	Year = {2016}
}

@article{load-balancing,
	Address = {Edinburgh},
	Author = {Yunlu Wang}, 
	Publisher = {IEEE},
	Title = {Dynamic Load Balancing With Handover in Hybrid Li-Fi and Wi-Fi Networks},
	Organization = {Li-Fi R&D Center, University of Edinburgh},
	Url = {http://ieeexplore.ieee.org/stamp/stamp.jsp?tp=&arnumber=7274270},
	Urlaccessdate = {6 mar 2016},
	Year = {2015},
	Journal = {Journal of Lightwave Technology},
	Volume = {33},
	Issue = {22}
}

@article{erricson-report,
	Author = {Erricson}, 
	Title = {Erricson Mobility Report June 2015},
	Url = {http://www.ericsson.com/res/docs/2015/ericsson-mobility-report-june-2015.pdf},
	Urlaccessdate = {6 mar 2016},
	Year = {2015}
}

@article{faixa-anatel, 
	Author = {Anatel},
	Title = {Atribui{\c c}{\~a}o da Faixa de Frequ{\^e}ncias no Brasil},
	Url = {http://www.anatel.gov.br/Portal/verificaDocumentos/documento.asp?numeroPublicacao=98580&assuntoPublicacao=Quadro%20de%20Atribui%E7%E3o%20&caminhoRel=null&filtro=1&documentoPath=radiofrequencia/qaff.pdf},
	Urlaccessdate = {6 mar 2016},
	Year = {2006}
}

@article{comparison-wifi,
	Author = {Sinku Gupta},
	Title = {Research on Li-Fi Technology\& Comparison of Li-Fi/Wi-Fi},
	Url = {http://www.ijarcsse.com/docs/papers/Volume_5/6_June2015/V5I6-0175.pdf},
	Urlaccessdate = {6 mar 2016},
	Year = {2015}
}

@manual{lifi-standard,
	Author = {IEEE},
	Title = {802.15.7-2011  -  IEEE Standard for Local and Metropolitan Area Networks--Part 15.7: Short-Range Wireless Optical Communication Using Visible Light},
	Url = {http://ieeexplore.ieee.org/stamp/stamp.jsp?tp=&arnumber=6016195},
	Urlaccessdate = {6 mar 2016},
	Year = {2011}
}

@article{nasa-rs1,
	Author = {William A. Geisel},
	Title = {Tutorial on Reed-Solomon Error Correction Coding},
	Publisher = {NASA},
	Organization = {National Aeronautics and Space Administration},
	Url = {http://ntrs.nasa.gov/archive/nasa/casi.ntrs.nasa.gov/19900019023.pdf},
	Urlaccessdate = {19 mai 2016},
	Year = {1990}
}

@article{optimize-photodiode,
	Author = {Luis Orozco},
	Title = {Optimizing Precision Photodiode Sensor Circuit Design},
	Organization = {Analog Devices},
	Url = {http://www.analog.com/media/en/technical-documentation/technical-articles/Optimizing-Precision-Photodiode-Sensor-Circuit-Design-MS-2624.pdf},
	Urlaccessdate = {20 jul 2016},
	Year = {2014}
}

@book{microelectronics-circuits,
	Author = {Sedra/Smith},
	Title = {Microelectronics Circuits},
	Publisher = {Oxford},
	Year = {2014},
	Edition = {7},
	ISBN = {0199339139}
}

@misc{comparator-ampop-lecture,
	Title = {Operational Amplifier Circuits Comparators and Positive Feedback},
	Author = {Chaniotakis and Cory}, 
	Organization = {MIT},
	Year = {2006},
	Url = {https://ocw.mit.edu/courses/electrical-engineering-and-computer-science/6-071j-introduction-to-electronics-signals-and-measurement-spring-2006/lecture-notes/24_op_amps3.pdf},
	Urlaccessdate = {16 nov 2016}
}

@manual{datasheet-irlz14,
	Title = {IRLZ14, SiHLZ14 Datasheet},
	Author = {Vishay}, 
	Organization = {Vishay},
	Month = {3},
	Year = {2011},
	Url = {http://www.vishay.com/docs/91325/sihlz14.pdf},
	Urlaccessdate = {16 nov 2016}
}

@manual{datasheet-opa380,
	Title = {Precision, High Speed Transimpedance Amplifier},
	Author = {Texas Instruments}, 
	Organization = {Texas Instruments},
	Month = {9},
	Year = {2007},
	Url = {http://www.ti.com/lit/ds/symlink/opa380.pdf},
	Urlaccessdate = {16 nov 2016}
}


@manual{datasheet-luw-w5am,
	Title = {LUW W5AM},
	Author = {OSRAM}, 
	Organization = {OSRAM Opto Semiconductors},
	Month = {12},
	Year = {2015},
	Url = {http://www.osram-os.com/Graphics/XPic6/00089171_0.pdf/LUW%20W5AM.pdf},
	Urlaccessdate = {16 nov 2016}
}

@manual{mit-convolutional,
	Title = {Convolutional Encoding},
	Organization = {MIT},
	Year = {2010},
	Url = {http://web.mit.edu/6.02/www/f2010/handouts/lectures/L8.pdf},
	Urlaccessdate = {16 nov 2016}
}

@manual{datasheet-sfh2701,
	Title = {High Speed PIN Photodiode},
	Author = {OSRAM}, 
	Organization = {OSRAM Opto Semiconductors},
	Month = {12},
	Year = {2008},
	Url = {http://www.osram-os.com/Graphics/XPic9/00083297_0.pdf},
	Urlaccessdate = {16 nov 2016}
}

@article{3.4g-sant-ana,
	Author = {Giulio Cossu, Wajahat Ali, Raffaele Corsini, Ernesto Ciaramella},
	Title = {3.4 Gbit/s visible optical wireless transmission based on RGB LED},
	Organization = {Scuola Superiore Sant’Anna},
	Url = {https://www.osapublishing.org/oe/fulltext.cfm?uri=oe-20-26-B501&id=246734},
	Urlaccessdate = {27 dez 2016},
	Month = {12},
	Year = {2012},
	Journal = {Optics Express},
	Volume = {20},
	Issue = {26}
}

@article{4.5g-fudan,
	Author = {Yiguang Wang, Xingxing Huang, Li Tao, Jianyang Shi, Nan Chi},
	Title = {4.5-Gb/s RGB-LED based WDM visible light communication system employing CAP modulation and RLS based adaptive equalization},
	Organization = {Fudan University},
	Url = {https://www.osapublishing.org/oe/abstract.cfm?uri=oe-23-10-13626},
	Urlaccessdate = {27 dez 2016},
	Month = {05},
	Year = {2015},
	Journal = {Optics Express},
	Volume = {23},
	Issue = {10}
}

@article{513mb-fraunhofer,
	Author = {Jelena Vucic, Christoph Kottke, Stefan Nerreter, Klaus-Dieter Langer, and Joachim W. Walewski},
	Title = {513 Mbit/s Visible Light Communications Link Based on DMT-Modulation of a White LED},
	Organization = {Fraunhofer-Gesellschaft for Telecommunications},
	Url = {http://ieeexplore.ieee.org/document/5608481/},
	Urlaccessdate = {27 dez 2016},
	Month = {12},
	Year = {2010},
	Journal = {JOURNAL OF LIGHTWAVE TECHNOLOGY},
	Volume = {28},
	Issue = {24}
}
